@article{gronau2017bridgesampling,
   author = {Gronau, Q. F. and Singmann, H. and Wagenmakers, E.--J.},
   title = {bridgesampling: {A}n {R} Package for Estimating Normalizing Constants},
   journal = {Journal of Statistical Software, Articles},
   volume = {92},
   number = {10},
   year = {2020},
   issn = {1548-7660},
   pages = {1--29}
}
@article{gronau2017tutorial,
  title={A tutorial on bridge sampling},
  author={Gronau, Quentin F and Sarafoglou, Alexandra and Matzke, Dora and Ly, Alexander and Boehm, Udo and Marsman, Maarten and Leslie, David S and Forster, Jonathan J and Wagenmakers, Eric-Jan and Steingroever, Helen},
  journal={Journal of Mathematical Psychology},
  volume={81},
  pages={80--97},
  year={2017},
  publisher={Elsevier}
}
@article{fruhwirth2004estimating,
  title={Estimating marginal likelihoods for mixture and {M}arkov switching models using bridge sampling techniques},
  author={Fr{\"u}hwirth-Schnatter, Sylvia},
  journal={The Econometrics Journal},
  volume={7},
  pages={143--167},
  year={2004},
  publisher={Wiley Online Library}
}
@ARTICLE{sarafoglou2020evaluatingPreprint,
  AUTHOR =       {Sarafoglou, A. and Haaf, J. M. and Ly, A. and Gronau, Q. F. and Wagenmakers, E.--J. and Marsman, M.},
  TITLE =        {Evaluating Multinomial Order Restrictions with Bridge Sampling},
  JOURNAL =      {PsyArXiv},
  YEAR =         {2020},
  URL =          {https://psyarxiv.com/bux7p/}
}
@article{meng1996simulating,
  title={Simulating ratios of normalizing constants via a simple identity: {A} theoretical exploration},
  author={Meng, Xiao-Li and Wong, Wing Hung},
  journal={Statistica Sinica},
	volume =       {6},
  pages={831--860},
  year={1996},
  publisher={JSTOR}
}
@article{nuijten2016prevalence,
  title={The prevalence of statistical reporting errors in psychology (1985--2013)},
  author={Nuijten, Mich{\`e}le B and Hartgerink, Chris HJ and van Assen, Marcel ALM and Epskamp, Sacha and Wicherts, Jelte M},
  journal={Behavior Research Methods},
  volume={48},
  pages={1205--1226},
  year={2016},
  publisher={Springer Verlag}
}
@article{epskamp2016statcheck,
  title={statcheck: {E}xtract Statistics from Articles and Recompute $p$ Values ({R} package version 1.3.0)},
  author={Epskamp, S and Nuijten, Mich{\`e}le B},
  year={2016}
}
@book{haberman1978,
  title={Analysis of qualitative data: {I}ntroductory topics},
  author={Haberman, Shelby J},
  year={1978},
  volume = 1,
  publisher={Academic Press}
}
@article{mulder2020generalizationPreprint,
  title={A Generalization of the {S}avage-{D}ickey Density Ratio for Testing Equality and Order Constrained Hypotheses},
  author={Mulder, J and Wagenmakers, E-J and Marsman, M},
  journal={The American Statistician},
  year={in press}
}
